<record><leader>00808cam a2200253 a 4500</leader><controlfield tag="001">1310573</controlfield><controlfield tag="008">900809s1985    bl                0 por c</controlfield><datafield ind1=" " ind2=" " tag="035"><subfield code="a">ocn465027999</subfield></datafield><datafield ind1=" " ind2=" " tag="040"><subfield code="b">eng</subfield></datafield><datafield ind1=" " ind2=" " tag="043"><subfield code="a">s-bl---</subfield></datafield><datafield ind1=" " ind2=" " tag="049"><subfield code="a">AEU</subfield><subfield code="b">eng</subfield></datafield><datafield ind1=" " ind2="3" tag="055"><subfield code="a">ND 359 B169</subfield><subfield code="b">A939 1985</subfield></datafield><datafield ind1="0" ind2=" " tag="090"><subfield code="a">ND 359 B169 A939 1985</subfield></datafield><datafield ind1="0" ind2="2" tag="245"><subfield code="a">O auto retrato de Bakun :</subfield><subfield code="b">filme de S. Back.</subfield></datafield><datafield ind1=" " ind2=" " tag="260"><subfield code="a">[Curitiba :</subfield><subfield code="b">s.n.,</subfield><subfield code="c">1985?].</subfield></datafield><datafield ind1=" " ind2=" " tag="300"><subfield code="a">57 p. :</subfield><subfield code="b">ill. ;</subfield><subfield code="c">21 cm.</subfield></datafield><datafield ind1=" " ind2=" " tag="336"><subfield code="a">text</subfield><subfield code="b">txt</subfield><subfield code="2">rdacontent</subfield></datafield><datafield ind1=" " ind2=" " tag="337"><subfield code="a">unmediated</subfield><subfield code="b">n</subfield><subfield code="2">rdamedia</subfield></datafield><datafield ind1=" " ind2=" " tag="338"><subfield code="a">volume</subfield><subfield code="b">nc</subfield><subfield code="2">rdacarrier</subfield></datafield><datafield ind1=" " ind2=" " tag="590"><subfield code="a">Library's copy signed by S. Back.</subfield></datafield><datafield ind1=" " ind2=" " tag="596"><subfield code="a">38</subfield></datafield><datafield ind1="1" ind2="0" tag="600"><subfield code="a">Bakun, Miguel,</subfield><subfield code="d">1909-1963.</subfield></datafield><datafield ind1="1" ind2=" " tag="700"><subfield code="a">Back, S.,</subfield><subfield code="d">1937-</subfield></datafield><datafield ind1=" " ind2=" " tag="926"><subfield code="a">ND 359 B169 A939 1985</subfield><subfield code="w">LC</subfield><subfield code="c">1</subfield><subfield code="i">000033596487</subfield><subfield code="l">ON_SHELF</subfield><subfield code="m">UABARD</subfield><subfield code="p">$150.00</subfield><subfield code="r">Y</subfield><subfield code="s">Y</subfield><subfield code="t">BOOK</subfield><subfield code="u">8/20/1990</subfield><subfield code="o">.STAFF. B0046497</subfield></datafield></record>